@misc{cs456_source,
	title = {{CS}-456 project source code},
	url = {https://github.com/ninivert/CS456-tiqtaqtoe},
	author = {Objois E., Vadot N.},
	month = march,
	year = {2022},
}